<record><leader>00000cas a22000007a 4500</leader><controlfield tag="001">12210253</controlfield><controlfield tag="008">850628d18731925nyuwr ne      0    0eng d</controlfield><datafield ind1=" " ind2=" " tag="010"><subfield code="a">sn 85026408 </subfield></datafield><datafield ind1=" " ind2=" " tag="040"><subfield code="a">NPX</subfield><subfield code="b">eng</subfield><subfield code="c">NPX</subfield><subfield code="d">NYS</subfield><subfield code="d">OCLCQ</subfield></datafield><datafield ind1=" " ind2=" " tag="042"><subfield code="a">msc</subfield></datafield><datafield ind1="0" ind2="4" tag="245"><subfield code="a">The Fairport herald.</subfield></datafield><datafield ind1=" " ind2=" " tag="260"><subfield code="a">Fairport, N.Y. :</subfield><subfield code="b">G.C. Taylor,</subfield><subfield code="c">1873-1925.</subfield></datafield><datafield ind1=" " ind2=" " tag="300"><subfield code="a">v.</subfield></datafield><datafield ind1=" " ind2=" " tag="310"><subfield code="a">Weekly</subfield></datafield><datafield ind1="0" ind2=" " tag="362"><subfield code="a">Vol. 1, no. 1 (Feb. 14, 1873)-v. 53, no. 12 (Apr. 30, 1925).</subfield></datafield><datafield ind1=" " ind2="4" tag="651"><subfield code="a">Fairport (N.Y.)</subfield><subfield code="v">Newspapers.</subfield></datafield><datafield ind1=" " ind2=" " tag="752"><subfield code="a">United States</subfield><subfield code="b">New York</subfield><subfield code="c">Monroe</subfield><subfield code="d">Fairport.</subfield></datafield><datafield ind1="0" ind2="7" tag="785"><subfield code="t">Monroe County mail</subfield><subfield code="w">(DLC)sn 88074547</subfield></datafield><datafield ind1="0" ind2="7" tag="785"><subfield code="t">Fairport herald and Monroe County mail</subfield><subfield code="w">(DLC)sn 89071220</subfield><subfield code="w">(OCoLC)18997931</subfield></datafield></record>